<record><leader>00000cas a22000007a 4500</leader><controlfield tag="001">16004126</controlfield><controlfield tag="008">870619d18791879pauwr ne      0    0eng d</controlfield><datafield ind1=" " ind2=" " tag="010"><subfield code="a">sn 87080362 </subfield></datafield><datafield ind1=" " ind2=" " tag="040"><subfield code="a">NPH</subfield><subfield code="b">eng</subfield><subfield code="c">NPH</subfield><subfield code="d">OCLCQ</subfield></datafield><datafield ind1=" " ind2=" " tag="042"><subfield code="a">msc</subfield></datafield><datafield ind1="0" ind2="0" tag="245"><subfield code="a">Saturday evening weekly review.</subfield></datafield><datafield ind1="3" ind2="0" tag="246"><subfield code="a">Review</subfield></datafield><datafield ind1=" " ind2=" " tag="260"><subfield code="a">Wilkes-Barre, Pa. :</subfield><subfield code="b">Frank P. Woodward</subfield></datafield><datafield ind1=" " ind2=" " tag="310"><subfield code="a">Weekly</subfield></datafield><datafield ind1="1" ind2=" " tag="362"><subfield code="a">Vol. 1, no. 7 (Jan. 25, 1879).</subfield></datafield><datafield ind1=" " ind2=" " tag="752"><subfield code="a">United States</subfield><subfield code="b">Pennsylvania</subfield><subfield code="c">Luzerne</subfield><subfield code="d">Wilkes-Barre.</subfield></datafield><datafield ind1="0" ind2="0" tag="780"><subfield code="t">Woodard's Saturday evening weekly review</subfield><subfield code="w">(DLC)sn 87080361</subfield></datafield><datafield ind1="0" ind2="0" tag="785"><subfield code="t">Weekly review (Wilkes-Barre, Pa.)</subfield><subfield code="w">(DLC)sn 87080363</subfield></datafield></record>